<?xml version="1.0" encoding="UTF-8"?><collection xmlns="http://www.loc.gov/MARC21/slim"><record><leader>00401nam--2200133-i-4500</leader><controlfield tag="001">000041046</controlfield><controlfield tag="002">20161230</controlfield><controlfield tag="005">20161230201042</controlfield><controlfield tag="008">060222s1000------------r-----000-0-eng-d</controlfield><datafield ind1=" " ind2=" " tag="100"><subfield code="a">Searle, Campbell L</subfield></datafield><datafield ind1=" " ind2=" " tag="245"><subfield code="a">Elementary circuit properties of transistors</subfield></datafield><datafield ind1=" " ind2=" " tag="260"><subfield code="a">New York, John Wiley &amp; Sons, Inc., 1964, Xxi+306p</subfield></datafield><datafield ind1=" " ind2=" " tag="490"><subfield code="a">Semiconductor Electronics Education Committee Bookc</subfield></datafield><datafield ind1=" " ind2=" " tag="852"><subfield code="a">22084</subfield></datafield></record></collection>